
@misc{EMP,
  title        = "Eclipse Modeling Project",
  howpublished = "\url{http://www.eclipse.org/modeling/}",
  year         = 2008,
}

@misc{MHP,
  title        = "MHP Organization Web Site",
  howpublished = "\url{http://www.mhp.org}",
  year         = 2008,
}

@misc{XMF,
  title        = "Ceteva Web Site",
  howpublished = "\url{http://www.ceteva.com}",
  year         = 2008,
}

@misc{SWUL,
  title        = "Stratego/Swul",
  howpublished = "\url{http://www.program-transformation.org/Stratego/JavaSwulExamples}",
  year         = 2008,
}

@misc{emf,
  title        = "Eclipse Modeling Framework",
  howpublished = "Available from \url{http://www.eclipse.org/modeling/emf}",
  year         = 2008,
}

@misc{gmf,
  title        = "Graphical Modeling Framework",
  howpublished = "Available from \url{http://www.eclipse.org/modeling/gmf}",
  year         = 2008,
}

@misc{Lisp,
  title        = "ANSI Common Lisp",
  howpublished = "\url{http://clisp.cons.org/}",
  year         = 2008,
}

@misc{Scheme,
  title        = "ANSI Common Lisp",
  howpublished = "R5RS Revised Report on the Algorithmic Language Scheme available at \url{http://www.schemers.org/Documents/Standards/R5RS/}",
  year         = 2008,
}

@misc{Gauthier,
  author       = {P Gauthier},
  title        = "OSS Inventory API - Overview (Part 1)",
  howpublished = "Public Draft version 0.9, OSS through Java Initiative",
  year         = 2004,
}

@misc{ossj,
  title        = "OSS through Java Initiative",
  howpublished = "Available from \url{http://www.ossj.org}",
  year         = 2004,
}

@misc{ocl2,
  title        = "OCL 2.0 Revised Submission",
  howpublished = "Available from \url{http://www.omg.org/cgi-bin/doc?ad/2003-01-07}",
  year         = 2004,
}

@inproceedings{ossjcasestudy,
  author       = {N. Georgalas and M. Azmoodeh and A. Clark and A. Evans and P. Sammut and J. Willans},
  title        = {MDA-Driven Development of standard-compliant OSS components: the OSS/J Inventory Case-Study
},
  booktitle    = {2nd European Workshop on MDA, Kent, UK},
  year         = 2004,
}

@book{larman,
  author       = {C. Larman},
  title        = {Applying UML and Patterns: An Introduction to Object-Oriented Analysis and Design and the Unified Process},
  year         = {2002},
  publisher    = {Prentice Hall},
}

@book{escher,
  author       = {D. R. Hofstadter},
  title        = {Goedel, Escher, Bach: An eternal golden braid},
  year         = {1979},
  publisher    = {Vintage Books, New York},
}

@misc{cwmspec,
  title        = "{C}ommon {W}arehouse {M}etamodel",
  howpublished = "Available from \url{http://www.omg.org/cwm}",
  year         = 2004,
}

@misc{dslrefs,
  title        = "{D}omain {S}pecifi {L}anguages",
  howpublished = "Available from \url{http://compose.labri.fr/documentation/dsl/}",
  year         = 2004,
}





@article{clark2014foundation,
  title={A Foundation for Multi-Level Modelling},
  author={Clark, Tony and Gonzalez-Perez, Cesar and Henderson-Sellers, Brian},
  journal={MULTI 2014--Multi-Level Modelling Workshop Proceedings},
  pages={43},
  year={2014}
}


@inproceedings{clark2013ocl,
  title={OCL Pattern Matching.},
  author={Clark, Tony},
  booktitle={OCL@ MoDELS},
  pages={33--42},
  year={2013}
}


@article{clark2013meta,
  title={Meta-Modeling Model-Based Engineering Tools (Dagstuhl Seminar 13182).},
  author={Clark, Tony and France, Robert B and Gogolla, Martin and Selic, Bran and Clark, Tony and France, Robert B and Gogolla, Martin and Selic, Bran V},
  journal={Dagstuhl Reports},
  volume={3},
  number={4},
  pages={188--226},
  year={2013}
}


@incollection{clark2013domain,
  title={Domain Engineering for Software Tools},
  author={Clark, Tony and Barn, Balbir S},
  booktitle={Domain Engineering},
  pages={187--209},
  year={2013},
  publisher={Springer Berlin Heidelberg}
}


@incollection{henderson2013search,
  title={On the search for a level-agnostic modelling language},
  author={Henderson-Sellers, Brian and Clark, Tony and Gonzalez-Perez, Cesar},
  booktitle={Advanced Information Systems Engineering},
  pages={240--255},
  year={2013},
  publisher={Springer Berlin Heidelberg}
}


@article{clark2012exploiting,
  title={Exploiting model driven technology: a tale of two startups},
  author={Clark, Tony and Muller, Pierre-Alain},
  journal={Software \& Systems Modeling},
  volume={11},
  number={4},
  pages={481--493},
  year={2012},
  publisher={Springer-Verlag}
}


@article{clark2012software,
  title={Software language engineering with XMF and XModeler},
  author={Clark, Tony and Willans, James},
  journal={Formal and Practical Aspects of Domain Specific Languages: Recent Developments. IGI Global, USA},
  year={2012}
}

