@Book{oclBook,
  author =       "Jos B. Warmer and Anneke G. Kleppe",
  title =        "Object Constraint Language: Precise Modeling with UML",
  publisher =    "Addison-Wesley",
  edition =      "First",
  year =         "1999",
}

@Book{umlReference,
  editor =       "James Rumbaugh and Ivar Jacobson and Grady Booch",
  title =        "The Unified Modeling Language Reference Manual",
  publisher =    "Addison Wesley",
  edition =      "first",
  year =         "1999",
}

@Book{geb,
  editor =       "Douglas R Hofstadter",
  title =        "{G}odel, {E}scher, {B}ach: {A}n {E}ternal {G}olden {B}raid (20th anniversary edition)",
  publisher =    "Penguin Books",
  year =         "2000",
}

@Book{programLanguageProcessors,
  author =       "David A Watt and Deryck F Brown",
  title =        "Programming Language Processors in Java",
  publisher =    "Prentice Hall",
  edition =      "first",
  year =         "2000",
}

@INPROCEEDINGS{objVlisp,
  AUTHOR =       "Pierre Cointe",
  TITLE =        "Metaclasses are First Class: the {O}bj{V}lisp Model",
  BOOKTITLE =    "Proceedings of the Conference on Object-Oriented Programming Systems, Languages and Applications",
  YEAR =         "1987",
  editor =       "Norman Meyrowitz",
  pages =        "156-165",
  month =        "October",
  publisher =    "ACM"
}
